
@article{fauci_lane_redfield_2020,
    title={Covid-19 — Navigating the Uncharted},
    volume={382},
    DOI={10.1056/nejme2002387},
    number={13},
    journal={New England Journal of Medicine},
    author={Fauci, Anthony S. and Lane, H. Clifford and Redfield, Robert R.},
    year={2020},
    pages={1268–1269}
}

@article{hossain_mental_2020,
	title = {Mental health outcomes of quarantine and isolation for infection prevention: {A} systematic umbrella review of the global evidence},
	issn = {2092-7193},
	shorttitle = {Mental health outcomes of quarantine and isolation for infection prevention},
	url = {http://e-epih.org/journal/view.php?doi=10.4178/epih.e2020038},
	doi = {10.4178/epih.e2020038},
	language = {en},
	urldate = {2021-01-11},
	journal = {Epidemiology and Health},
	author = {Hossain, Md Mahbub and Sultana, Abida and Purohit, Neetu},
	month = jun,
	year = {2020},
	pages = {e2020038},
}

@inproceedings{dourish_implications_2006,
	address = {Montr\&\#233;al, Qu\&\#233;bec, Canada},
	title = {Implications for design},
	isbn = {9781595933720},
	url = {http://portal.acm.org/citation.cfm?doid=1124772.1124855},
	doi = {10.1145/1124772.1124855},
	language = {en},
	urldate = {2021-01-14},
	booktitle = {Proceedings of the {SIGCHI} conference on {Human} {Factors} in computing systems  - {CHI} '06},
	publisher = {ACM Press},
	author = {Dourish, Paul},
	year = {2006},
	pages = {541},
}